<?xml version="1.0" encoding="UTF-8"?><collection xmlns="http://www.loc.gov/MARC21/slim"><record><leader>00547nam--2200169-i-4500</leader><controlfield tag="001">000008355</controlfield><controlfield tag="002">20161230</controlfield><controlfield tag="005">20161230201027</controlfield><controlfield tag="008">060222s1000------------r-----000-0-eng-d</controlfield><datafield ind1=" " ind2=" " tag="040"><subfield code="a">IFIN-HH</subfield></datafield><datafield ind1=" " ind2=" " tag="080"><subfield code="a">539.17</subfield></datafield><datafield ind1="1" ind2=" " tag="100"><subfield code="a">Bishay, Adli</subfield></datafield><datafield ind1="1" ind2="0" tag="245"><subfield code="a">Interaction of radiation with solids</subfield><subfield code="b">Proceedings of the cairo solid state conference at the american university in cairo, held sepptember 3-8, 1966</subfield><subfield code="c">Adli bishay (ed.)</subfield></datafield><datafield ind1=" " ind2=" " tag="260"><subfield code="a">New York</subfield><subfield code="b">Plenum Press</subfield><subfield code="c">1967</subfield></datafield><datafield ind1=" " ind2=" " tag="300"><subfield code="a">X +701 P</subfield></datafield><datafield ind1=" " ind2=" " tag="852"><subfield code="a">28007</subfield><subfield code="c">539.21</subfield></datafield><datafield ind1=" " ind2=" " tag="CAT"><subfield code="a">Sys</subfield><subfield code="c">20121205</subfield><subfield code="h">173946</subfield></datafield></record></collection>